<?xml version="1.0" encoding="UTF-8"?><collection xmlns="http://www.loc.gov/MARC21/slim"><record><leader>00348nam--2200133-i-4500</leader><controlfield tag="001">000042047</controlfield><controlfield tag="002">20161230</controlfield><controlfield tag="005">20161230201043</controlfield><controlfield tag="008">060222s1000------------r-----000-0-eng-d</controlfield><datafield ind1=" " ind2=" " tag="080"><subfield code="a">621.38</subfield></datafield><datafield ind1=" " ind2=" " tag="100"><subfield code="a">Snowden,Cristopher M</subfield></datafield><datafield ind1=" " ind2=" " tag="245"><subfield code="a">Intr.to semiconductor device modelling</subfield></datafield><datafield ind1=" " ind2=" " tag="260"><subfield code="a">Singapore, World Scientific, 1986. Xv + 222 P</subfield></datafield><datafield ind1=" " ind2=" " tag="852"><subfield code="a">74721</subfield></datafield></record></collection>